<record><leader>00000cas a2200000 a 4500</leader><controlfield tag="001">9346554</controlfield><controlfield tag="008">830325d18491869caujr ne      0    0eng  </controlfield><datafield ind1=" " ind2=" " tag="010"><subfield code="a">sn 82016463 </subfield></datafield><datafield ind1=" " ind2=" " tag="040"><subfield code="a">DLC</subfield><subfield code="b">eng</subfield><subfield code="c">DLC</subfield><subfield code="d">NPU</subfield><subfield code="d">DLC</subfield><subfield code="d">NPX</subfield><subfield code="d">UNP</subfield><subfield code="d">NPA</subfield><subfield code="d">DLC</subfield><subfield code="d">YOX</subfield><subfield code="d">MFN</subfield><subfield code="d">NYS</subfield><subfield code="d">CNK</subfield><subfield code="d">OCL</subfield><subfield code="d">NYS</subfield><subfield code="d">OCL</subfield><subfield code="d">IUL</subfield><subfield code="d">DLC</subfield><subfield code="d">OCLCQ</subfield><subfield code="d">DLC</subfield><subfield code="d">KRTAS</subfield><subfield code="d">CUI</subfield><subfield code="d">OCLCQ</subfield><subfield code="d">OCLCF</subfield><subfield code="d">OCLCO</subfield><subfield code="d">CUS</subfield></datafield><datafield ind1=" " ind2=" " tag="042"><subfield code="a">pcc</subfield></datafield><datafield ind1=" " ind2=" " tag="043"><subfield code="a">n-us-ca</subfield></datafield><datafield ind1="0" ind2="0" tag="050"><subfield code="a">Newspaper</subfield></datafield><datafield ind1="0" ind2=" " tag="130"><subfield code="a">Alta California (San Francisco, Calif. : Steamer ed.)</subfield></datafield><datafield ind1="1" ind2="4" tag="245"><subfield code="a">The alta California.</subfield></datafield><datafield ind1="1" ind2=" " tag="246"><subfield code="i">Issue "for Steamer Panama" titled:</subfield><subfield code="a">Weekly alta California</subfield><subfield code="f">&lt;May 1, 1850&gt;</subfield></datafield><datafield ind1="1" ind2="3" tag="246"><subfield code="a">Steamer alta California</subfield></datafield><datafield ind1=" " ind2=" " tag="250"><subfield code="a">Steamer ed.</subfield></datafield><datafield ind1=" " ind2=" " tag="260"><subfield code="a">San Francisco, Calif. :</subfield><subfield code="b">E. Gilbert &amp; Co., -1869.</subfield></datafield><datafield ind1=" " ind2=" " tag="300"><subfield code="a">v.</subfield></datafield><datafield ind1=" " ind2=" " tag="310"><subfield code="a">Trimonthly,</subfield><subfield code="b">&lt;1869&gt;</subfield></datafield><datafield ind1=" " ind2=" " tag="321"><subfield code="a">Semimonthly,</subfield><subfield code="b">&lt;Mar 29, 1849&gt;-</subfield></datafield><datafield ind1="1" ind2=" " tag="362"><subfield code="a">Began in 1849?</subfield></datafield><datafield ind1="0" ind2=" " tag="362"><subfield code="a">-May 8, 1869.</subfield></datafield><datafield ind1=" " ind2=" " tag="500"><subfield code="a">"For circulation in the Atlantic States, Europe, South America and the West Indies."</subfield></datafield><datafield ind1=" " ind2=" " tag="500"><subfield code="a">Masthead of each issue for &lt;Oct. 1849-July 1861&gt; contains the name(s)--of the steamer(s) which carried that issue.</subfield></datafield><datafield ind1=" " ind2=" " tag="530"><subfield code="a">Available on microfilm from the Library of Congress, Photoduplication Service, and Recordak Corp.</subfield></datafield><datafield ind1=" " ind2=" " tag="580"><subfield code="a">Weekly eds.: Alta California (San Francisco, Calif. : Weekly), 1849-1850; Weekly alta California, 1850-1869.</subfield></datafield><datafield ind1=" " ind2=" " tag="588"><subfield code="a">Description based on: Mar. 29, 1849.</subfield></datafield><datafield ind1=" " ind2="0" tag="651"><subfield code="a">San Francisco (Calif.)</subfield><subfield code="v">Newspapers.</subfield></datafield><datafield ind1=" " ind2="7" tag="651"><subfield code="a">California</subfield><subfield code="z">San Francisco.</subfield><subfield code="2">fast</subfield><subfield code="0">(OCoLC)fst01204481</subfield></datafield><datafield ind1=" " ind2="7" tag="655"><subfield code="a">Newspapers.</subfield><subfield code="2">fast</subfield><subfield code="0">(OCoLC)fst01423814</subfield></datafield><datafield ind1=" " ind2=" " tag="752"><subfield code="a">United States</subfield><subfield code="b">California</subfield><subfield code="c">San Francisco</subfield><subfield code="d">San Francisco.</subfield></datafield><datafield ind1="0" ind2=" " tag="775"><subfield code="t">Alta California (San Francisco, Calif. : Triweekly)</subfield><subfield code="w">(DLC)sn 84027230</subfield><subfield code="w">(OCoLC)11052054</subfield></datafield><datafield ind1="0" ind2=" " tag="775"><subfield code="t">Daily alta California</subfield><subfield code="w">(DLC)sn 84031933</subfield><subfield code="w">(OCoLC)1565791</subfield></datafield><datafield ind1="1" ind2=" " tag="775"><subfield code="t">Alta California (San Francisco, Calif. : Weekly)</subfield><subfield code="w">(DLC)sn 82016197</subfield><subfield code="w">(OCoLC)9188968</subfield></datafield><datafield ind1="1" ind2=" " tag="775"><subfield code="t">Weekly alta California</subfield><subfield code="w">(DLC)sn 84025972</subfield><subfield code="w">(OCoLC)10855184</subfield></datafield><datafield ind1="0" ind2="8" tag="776"><subfield code="i">Online version:</subfield><subfield code="t">Alta California (San Francisco, Calif. : Steamer ed.)</subfield><subfield code="w">(OCoLC)664149758</subfield></datafield><datafield ind1="0" ind2="5" tag="780"><subfield code="t">Steamer placer times and transcript</subfield><subfield code="g">1855</subfield><subfield code="w">(DLC)sn 84027316</subfield><subfield code="w">(OCoLC)11032540</subfield></datafield><datafield ind1="4" ind2="1" tag="856"><subfield code="3">06/01/1850 to 06/21/1861</subfield><subfield code="u">http://infoweb.newsbank.com/?db=EANX&amp;s_browseRef=decades/111FCA65E54609B8/all.xml</subfield></datafield><datafield ind1=" " ind2=" " tag="938"><subfield code="a">Kirtas Technologies, Inc.</subfield><subfield code="b">KRTS</subfield><subfield code="n">736333</subfield></datafield><datafield ind1="1" ind2=" " tag="029"><subfield code="a">AU@</subfield><subfield code="b">000002898770</subfield></datafield></record>